@inproceedings{Siddiqi07,
author = {Siddiqi, Sajid M and Boots, Byron and Gordon, Geoffrey J},
booktitle = {NIPS},
title = {{A Constraint Generation Approach to Learning Stable Linear Dynamical Systems}},
year = {2007}
}

@article{Pearl93graphicalmodels,
    author = {Judea Pearl},
    title = {Graphical Models, Causality, And Intervention},
    journal = {Cambridge University Press},
    year = {1993}
}

@article{Richardson_Spirtes_2002,
    author = "Thomas Richardson and Peter Spirtes",
    title = "Ancestral graph {M}arkov models",
    journal = "Ann. Statist.",
    volume = "30",
    number = "4",
    pages = "962-1030",
    year = "2002",
}

@inproceedings{Jalali2011,
author = {Jalali, Ali and Sanghavi, Sujay},
booktitle = {ICML},
title = {{Learning the Dependence Graph of Time Series with Latent Factors}},
year = {2011}
}

@article{Chandrasekaran2010,
archivePrefix = {arXiv},
arxivId = {1008.1290},
author = {Chandrasekaran, Venkat and Parrilo, Pablo A. and Willsky, Alan S.},
eprint = {1008.1290},
month = aug,
title = {{Latent Variable Graphical Model Selection via Convex Optimization}},
url = {http://arxiv.org/abs/1008.1290},
year = {2010}
}

@article{Tibs96,
    author = {Tibshirani, Robert},
    journal = {Journal of the Royal Statistical Society. Series B (Methodological)},
    title = {{Regression Shrinkage and Selection via the Lasso}},
    year = {1996}
}

@MISC{Fazel09,
   author = "Fazel, M and Pong, T. K.  and Sun, D. and Tseng, P.",
   note = "Hankel matrix rank minimization with applications in system identification and realization",
   year = 2009
   }

@article{Friedman10,
author = {Friedman, Jerome H and Hastie, Trevor and Tibshirani, Rob},
journal = {Journal of Statistical Software},
title = {{Regularization Paths for Generalized Linear Models via Coordinate Descent}},
year = {2010}
}

@book{boyd2004convex,
 author = {Boyd, Stephen and Vandenberghe, Lieven},
 title = {Convex Optimization},
 year = {2004},
 publisher = {Cambridge University Press},
} 

@inproceedings{Hsieh08,
author = {Hsieh, Cho-Jui and Chang, Kai-Wei and Lin, Chih-Jen and Keerthi, S. Sathiya and Sundararajan, S.},
booktitle = {ICML},
title = {{A dual coordinate descent method for large-scale linear SVM}},
year = {2008}
}

@article{Beck2009,
author = {Beck, Amir and Teboulle, Marc},
journal = {SIAM Journal on Imaging Sciences},
title = {{A Fast Iterative Shrinkage-Thresholding Algorithm for Linear Inverse Problems}},
year = {2009}
}

@article{Toh2009,
author = {Toh, KC and Yun, S},
journal = {Preprint, Department of Mathematics, National University of Singapore},
title = {{An accelerated proximal gradient algorithm for nuclear norm regularized least squares problems}},
year = {2009}
}

@article{Cai2010,
author = {Cai, Jian-Feng and Candes, Emmanuel J. and Shen, Zuowei},
journal = {SIAM Journal on Optimization},
title = {{A Singular Value Thresholding Algorithm for Matrix Completion}},
year = {2010}
}

@article{Chu2008,
author = {Chu, Tianjiao and Glymour, Clark},
journal = {The Journal of Machine Learning Research},
title = {{Search for Additive Nonlinear Time Series Causal Models}},
year = {2008}
}

@BOOK{Darne90,
   author = "Darnell, A. and J. Evans",
   title= "The Limits of Econometrics",
   publisher = "Gower, Aldershot, Hampshire",
   year = 1990
   }
   
@BOOK{Epstein87,
   author = "R. Epstein",
   title= "A History of Econometrics",
   publisher = "North-Holland, Amsterdam",
   year = 1987
   }

@article{Roberts85,
author = {David L. Roberts and Stephen Nord },
journal = {Applied Economics },
title = {{Causality tests and functional form sensitivity}},
year = {1985}
}

@article{Asimakopoulos200025,
author = {Asimakopoulos, Ioannis and Ayling, David and {Mansor Mahmood}, Wan},
journal = {Economics Letters},
title = {{Non-linear Granger causality in the currency futures returns}},
year = {2000}
}

@TechReport{silva1997,
  author={Param Silvapulle and Jong-Seo Choi},
  title={Testing for Linear and Non-linear Granger Causality in the Stock Price-Volume Relation: Korean Evidence},
  year=1997,
  institution={School of Economics, La Trobe University},
}

@inproceedings{Papadimitriou_VLDB_2003,
  author    = {Spiros Papadimitriou and
               Anthony Brockwell and
               Christos Faloutsos},
  title     = {Adaptive, Hands-Off Stream Mining},
  booktitle = {VLDB},
  year      = {2003},
}

@TechReport{CHU_GRANGER,
	title = {Data driven methods for nonlinear Granger causality: Climate teleconnection mechanisms},
	author = {T. Chu, D. Danks, and C. Glymour},
	institution = {Carnegie Mellon University},
	year = {2004}
}

@article{Marinazzo08,
author = {Marinazzo, Daniele and Pellicoro, Mario and Stramaglia, Sebastiano},
journal = {Physical review. E, Statistical, nonlinear, and soft matter physics},
title = {{Kernel Granger causality and the analysis of dynamical networks}},
year = {2008}
}

@article{Schreiber00,
author = {Schreiber, Thomas},
journal = {Physical Review Letters},
title = {{Measuring Information Transfer}},
year = {2000}
}

@incollection{Embrechts02,
    author = {Embrechts, P. and Mcneil, A. and Straumann, D.},
    booktitle = {Risk Management: Value at Risk and Beyond},
    publisher = {Cambridge University Press},
    title = {{Correlation and dependence in risk management: properties and pitfalls}},
    year = {2002}
}

@article{Liu2009,
  author    = {Han Liu and
               John D. Lafferty and
               Larry A. Wasserman},
  title     = {The Nonparanormal: Semiparametric Estimation of High Dimensional
               Undirected Graphs},
  journal   = {Journal of Machine Learning Research},
  year      = {2009},
}

@article{Leong2005,
author = {Leong, Yeo Keng and Valdez, Emiliano A.},
journal = {Insurance: Mathematics and Economics},
title = {{Using, Claims Prediction with Dependence Models, Copula}},
year = {2005}
}

@inproceedings{Tsamardinos03,
    author = {Tsamardinos, Ioannis and Aliferis, Constantin F. and Statnikov, Er},
    booktitle = {FLAIRS},
    title = {{Algorithms for Large Scale Markov Blanket Discovery}},
    year = {2003}
}

@article{Granger69,
author = {Granger, C W J},
journal = {Econometrica},
publisher = {The Econometric Society},
title = {{Investigating Causal Relations by Econometric Models and Cross-spectral Methods}},
year = {1969}
}

@article{Granger80,
author = {Granger, C W J},
journal = {Journal of Economic Dynamics and Control},
title = {{Testing for causality: A personal viewpoint}},
year = {1980}
}

@TECHREPORT{RePEc:sce:scecf4:192,
title = {Modified Hiemstra-Jones Test for Granger Non-causality},
author = {Panchenko, Cees Diks and Valentyn},
year = {2004},
institution = {Society for Computational Economics},
}

@article{Brovelli2004,
author = {Brovelli, Andrea and Ding, Mingzhou and Ledberg, Anders and Chen, Yonghong and Nakamura, Richard and Bressler, Steven L},
journal = {Proceedings of the National Academy of Sciences of the United States of America},
title = {{Beta oscillations in a large-scale sensorimotor cortical network: directional influences revealed by Granger causality.}},
year = {2004}
}

@article{Vald2005,
author = {Vald\'{e}s-Sosa, Pedro A and S\'{a}nchez-Bornot, Jose M and Lage-Castellanos, Agust\'{\i}n and Vega-Hern\'{a}ndez, Mayrim and Bosch-Bayard, Jorge and Melie-Garc\'{\i}a, Lester and Canales-Rodr\'{\i}guez, Erick},
journal = {Philosophical transactions of the Royal Society of London. Series B, Biological sciences},
title = {{Estimating brain functional connectivity with sparse multivariate autoregression.}},
year = {2005}
}

@inproceedings{Arnold2007,
author = {Arnold, Andrew and Liu, Yan and Abe, Naoki},
booktitle = {KDD '07},
title = {{Temporal causal modeling with graphical granger methods}},
year = {2007}
}

@article{Friedman2008,
author = {Friedman, Jerome and Hastie, Trevor and Tibshirani, Robert},
journal = {Biostatistics (Oxford, England)},
title = {{Sparse inverse covariance estimation with the graphical lasso.}},
year = {2008}
}

@inproceedings{Wainwright2006,
author = {Wainwright, Martin J.},
booktitle = {Allerton Conference on Control, Communication and Computing},
title = {{Sharp thresholds for high-dimensional and noisy recovery of sparsity recovery using L1-constrained quadratic programmming (Lasso)}},
year = {2006}
}

@INPROCEEDINGS{Liu12,
AUTHOR = "Yan Liu and Mohammad Taha Bahadori and Hongfei Li",
TITLE = "Sparse-GEV: Sparse Latent Space Model for Multivariate Extreme Value Time Series Modeling",
booktitle = "ICML",
YEAR = {2012}, 
}

@article{Akaike1974,
author = {Akaike, H.},
journal = {IEEE Transactions on Automatic Control},
title = {{A new look at the statistical model identification}},
year = {1974}
}

@inproceedings{Hoyer2008,
author = {Hoyer, Patrik O and Janzing, Dominik and Mooij, Joris and Peters, Jonas and Sch\"{o}lkopf, Bernhard},
booktitle = {NIPS},
title = {{Nonlinear causal discovery with additive noise models}},
year = {2008}
}

@Book{ Box:1990:TSA:574978,
author = { Box, George E. P. and Jenkins, Gwilym M. },
title = { Time series analysis; forecasting and control},
year = { 1970 },
}

@article{Barnett2009,
author = {Barnett, Lionel and Barrett, Adam B and Seth, Anil K.},
title = {{Granger causality and transfer entropy are equivalent for Gaussian variables}},
year = {2009}
}

@inproceedings{La_Fond_WWW_2010,
    author = {La Fond, Timothy and Neville, Jennifer},
    booktitle = {WWW},
    title = {{Randomization tests for distinguishing social influence and homophily effects}},
    year = {2010}
}

@article{NolZieNik08,
author = {Nolte, Guido and Ziehe, Andreas and Nikulin, Vadim V and Schl\"{o}gl, Alois and Kr\"{a}mer, Nicole and Brismar, Tom and M\"{u}ller, Klaus-Robert},
journal = {Physical review letters},
title = {{Robustly estimating the flow direction of information in complex physical systems.}},
year = {2008}
}

@article{Hiemstra1994,
author = {Hiemstra, Craig and Jones, Jonathan D},
journal = {The Journal of Finance},
title = {{Testing for Linear and Nonlinear Granger Causality in the Stock Price- Volume Relation}},
year = {1994}
}

@article{Hyvarinen2010,
author = {Hyv\"{a}rinen, Aapo and Zhang, Kun and Shimizu, Shohei and Hoyer, Patrik O and Dayan, Peter},
journal = {Journal of Machine Learning Research},
title = {{Estimation of a Structural Vector Autoregression Model Using Non-Gaussianity}},
year = {2010}
}

@article{Lozano09,
author = {Lozano, Aurelie C. and Abe, Naoki and Liu, Yan and Rosset, Saharon}, 
title = {Grouped graphical Granger modeling for gene expression regulatory networks discovery}, 
year = {2009}, 
journal = {Bioinformatics} 
}

@inproceedings{Lozano2009,
 author = {Lozano, Aurelie C. and Li, Hongfei and Niculescu-Mizil, Alexandru and Liu, Yan and Perlich, Claudia and Hosking, Jonathan and Abe, Naoki},
 title = {Spatial-temporal causal modeling for climate change attribution},
 booktitle = {KDD},
 year = {2009},
} 

@TechReport{NESTEROV2007,
  author={NESTEROV, Yurii},
  title={Gradient methods for minimizing composite objective function},
  year=2007,
  institution={Universite catholique de Louvain, Center for Operations Research and Econometrics (CORE)},
  type={CORE Discussion Papers},
}

@inproceedings{Zeng12,
   author = "Zeng, Peng and Zhu, Yu  and He, Tianhong",
   note = "Linearly Constrained Lasso with Application in Glioblastoma Data",
   booktitle = {JSM},
   year = 2012
   }
   
@ONLINE{Ito2012,
author = {Ito, Shinya and Hansen, Mike and Heiland, Randy},
title = {{Transfer Entropy Toolbox 0.4}},
year = {2012},
url = {http://code.google.com/p/transfer-entropy-toolbox/}
}

@article{Panzeri2007,
author = {Panzeri, Stefano and Senatore, Riccardo and Montemurro, Marcelo A and Petersen, Rasmus S},
journal = {Journal of neurophysiology},
title = {{Correcting for the sampling bias problem in spike train information measures.}},
year = {2007}
}

@book{Lutkepohl2005,
author = {L\"{u}tkepohl, Helmut},
publisher = {Springer},
title = {{New Introduction to Multiple Time Series Analysis}},
year = {2005}
}