@article{Baxter:Multi,
 author = {Baxter, Jonathan},
 title = {A Bayesian/Information Theoretic Model of Learning to Learn viaMultiple Task Sampling},
 journal = {Mach. Learn.},
 volume = {28},
 number = {1},
 month = jul,
 year = {1997},
 pages = {7--39}
}

@inproceedings{Lee:Chatalbashev:Vickrey:Koller:MultiFeatue,
 author = {Lee, Su-In and Chatalbashev, Vassil and Vickrey, David and Koller, Daphne},
 title = {Learning a Meta-level Prior for Feature Relevance from Multiple Related Tasks},
 booktitle = ICML07,
 year = {2007},
 pages = {489--496}
}



@incollection{Daniel:JosMiguel:MultiFeatue,
title = {Learning Feature Selection Dependencies in Multi-task Learning},
author = {Hern\'{a}ndez-Lobato, Daniel and Hern\'{a}ndez-Lobato, Jos\'{e} Miguel},
booktitle = NIPS13,
pages = {746--754},
year = {2013}
}


@inproceedings{Evgeniou:Pontil:RegMulti,
 author = {Evgeniou, Theodoros and Pontil, Massimiliano},
 title = {Regularized Multi--task Learning},
 booktitle = KDD04,
 year = {2004},
 pages = {109--117}
}


@article{caruana:multitask,
  title={Multitask learning},
  author={Caruana, Rich},
  journal={Machine learning},
  volume={28},
  number={1},
  pages={41--75},
  year={1997},
  publisher={Springer}
}


@inproceedings{domingos:2001,
 author = {Domingos, Pedro and Richardson, Matt},
 title = {Mining the Network Value of Customers},
 booktitle = {Proceedings of the Seventh ACM SIGKDD International Conference on Knowledge Discovery and Data Mining},
 series = {KDD '01},
 year = {2001},
 pages = {57--66}
}


@inproceedings{kempe:2003,
 author = {Kempe, David and Kleinberg, Jon and Tardos, \'{E}va},
 title = {Maximizing the Spread of Influence Through a Social Network},
 booktitle = {Proceedings of the Ninth ACM SIGKDD International Conference on Knowledge Discovery and Data Mining},
 series = {KDD '03},
 year = {2003},
 pages = {137--146}
}

@article{leskovec:2007a,
 author = {Leskovec, Jure and Adamic, Lada A. and Huberman, Bernardo A.},
 title = {The Dynamics of Viral Marketing},
 journal = {ACM Trans. Web},
 issue_date = {May 2007},
 volume = {1},
 number = {1},
 month = may,
 year = {2007}
}

@inproceedings{adar:2004,
  author = {Adar, E. and Zhang, L. and Adamic, L.A. and Lukose, R.M.},
  booktitle = {Workshop on the Weblogging Ecosystem},
  title = {Implicit structure and the dynamics of blogspace},
  volume = 13,
  year = 2004
}

@inproceedings{gruhl:2004,
 author = {Gruhl, Daniel and Guha, R. and Liben-Nowell, David and Tomkins, Andrew},
 title = {Information Diffusion Through Blogspace},
 booktitle = {Proceedings of the 13th International Conference on World Wide Web},
 series = {WWW '04},
 year = {2004},
 pages = {491--501}
}

@inproceedings{leskovec:2007b,
  author = {Leskovec, Jure and McGlohon, Mary and Faloutsos, Christos and Glance, Natalie and Hurst, Matthew},
  booktitle = {Society of Applied and Industrial Mathematics: Data Mining (SDM07)},
  title = {Cascading Behavior in Large Blog Graphs: Patterns and a Model},
  year = 2007
}

@inproceedings{leskovec:2005,
 author = {Leskovec, Jure and Kleinberg, Jon and Faloutsos, Christos},
 title = {Graphs over Time: Densification Laws, Shrinking Diameters and Possible Explanations},
 booktitle = {Proceedings of the Eleventh ACM SIGKDD International Conference on Knowledge Discovery in Data Mining},
 series = {KDD '05},
 year = {2005},
 pages = {177--187}
}

@article{dong:2010,
 author = {Dong, Xin Luna and Berti-Equille, Laure and Hu, Yifan and Srivastava, Divesh},
 title = {Global Detection of Complex Copying Relationships Between Sources},
 journal = {Proc. VLDB Endow.},
 issue_date = {September 2010},
 volume = {3},
 number = {1-2},
 month = sep,
 year = {2010}
}

@article{dong:2009,
 author = {Dong, Xin Luna and Berti-Equille, Laure and Srivastava, Divesh},
 title = {Truth Discovery and Copying Detection in a Dynamic World},
 journal = {Proc. VLDB Endow.},
 issue_date = {August 2009},
 volume = {2},
 number = {1},
 month = aug,
 year = {2009}
}
