@article{Leskovec:Chakrabarti:Kleinberg:Faloutsos:Ghahramani:kronecker,
 author = {Jure Leskovec and Deepayan Chakrabarti and Jon Kleinberg and Christos Faloutsos and Zoubin Ghahramani},
 title = {Kronecker Graphs: An Approach to Modeling Networks},
 journal = {J. Mach. Learn. Res.},
 volume = {11},
 year = {2010},
 pages = {985--1042}
}


@article{Wang:Wong:stochasticblockmodel,
  author = {Wang, Yuchung J. and Wong, George Y.},
  journal = {Journal of the American Statistical Association},
  pages = {8--19},
  title = {Stochastic Blockmodels for Directed Graphs},
  volume = 82,
  year = 1987
}


@article{hoff:Raftery:Handcock:latent,
  title={Latent space approaches to social network analysis},
  author={Hoff, Peter D and Raftery, Adrian E and Handcock, Mark S},
  journal={Journal of the american Statistical association},
  volume={97},
  number={460},
  pages={1090--1098},
  year={2002}
}


@article{Sarkar:Moore:DSN,
 author = {Sarkar, Purnamrita and Moore, Andrew W.},
 title = {Dynamic Social Network Analysis Using Latent Space Models},
 journal = {SIGKDD Explor. Newsl.},
 volume = {7},
 number = {2},
 month = dec,
 year = {2005},
 pages = {31--40}
}


@inproceedings{Gu:Zhou:SpaceMulti,
  author = {Gu, Quanquan and Zhou, Jie},
  booktitle = ICDM09,
  pages = {159-168},
  year = 2009
}

@book{jackson:socialBook,
  title={Social and economic networks},
  author={Jackson, Matthew O and others},
  volume={3},
  year={2008},
  publisher={Princeton University Press Princeton}
}


@book{wasserman:socialBook,
  title={Social network analysis: Methods and applications},
  author={Wasserman, Stanley},
  volume={8},
  year={1994},
  publisher={Cambridge university press}
}
