@conference{Daneshmand:Gomez:Song:recovery14,
  title={Estimating Diffusion Network Structures: Recovery Conditions, Sample Complexity \& Soft-thresholding Algorithm},
  author={Daneshmand, H. and Gomez-Rodriguez, M. and Song, L. and Sch{\"o}lkopf, B.},
  booktitle=ICML14,
  year={2014}
}

@inproceedings{Liu:Tang:Han:Jiang:TopicLevel,
 author = {Liu, Lu and Tang, Jie and Han, Jiawei and Jiang, Meng and Yang, Shiqiang},
 title = {Mining Topic-level Influence in Heterogeneous Networks},
 booktitle = CIKM10,
 year = {2010},
 pages = {199--208}
}



@inproceedings{Wang:Hu:Philip:Li:multiAspect,
 author = {Wang, Senzhang and Hu, Xia and Yu, Philip S. and Li, Zhoujun},
 title = {MMRate: Inferring Multi-aspect Diffusion Networks with Multi-pattern Cascades},
 booktitle = KDD14,
 year = {2014},
 pages = {1246--1255}
}


@incollection{Du:Song:Song:Alex:HeterogeneousInf,
title = {Learning Networks of Heterogeneous Influence},
author = {Du, Nan and Song, Le and Song Yuan and Alex J. Smola},
booktitle = NIPS12,
pages = {2780--2788},
year = {2012}
}


@phdthesis{Simma:HawkesThesis,
    Author = {Simma, Aleksandr},
    Title = {Modeling Events in Time Using Cascades Of Poisson Processes},
    School = {EECS Department, University of California, Berkeley},
    Year = {2010},
    Month = {Jul}
}

@inproceedings{Netrapalli:Sanghavi:epidemicgraph,
 author = {Netrapalli Praneeth and Sanghavi Sujay},
 title = {Learning the Graph of Epidemic Cascades},
 booktitle = sigmetric12,
 year = {2012},
 pages = {211--222}
}


@InProceedings{	  angluin:aspnes:reyzin:inferring,
  author	= {Dana Angluin and James Aspnes and Lev Reyzin},
  title		= {Inferring Social Networks from Outbreaks},
  booktitle	= {Proc. 20th Intl. Conf. on Algorithmic Learning Theory (ALT 2010)},
  year		= 2010,
  pages		= {104-118}
}

@inproceedings{Zong:Wu:Singh:Yan:infercascades,
  title = {Inferring the Underlying Structure of Information Cascades},
  author = {Zong, Bo and Wu, Yinghui and Singh, Ambuj K. and Yan, Xifeng},
  booktitle = ICDM12,
  pages = {1218-1223},
  year = 2012
}

@inproceedings{Bourigault:Lagnier:Gallinari:latent,
 author = {Bourigault, Simon and Lagnier, Cedric and Lamprier, Sylvain and Denoyer, Ludovic and Gallinari, Patrick},
 title = {Learning Social Network Embeddings for Predicting Information Diffusion},
 booktitle = WSDM14,
 year = {2014},
 pages = {393--402}
}

@misc{SNAPLibrary,
  title = {Stanford network analysis platform},
  howpublished = {http://snap.stanford.edu/snap/index.html}
}

@inproceedings{Myers:Zhu:Leskovec:externalinf,
 author = {Myers, Seth A. and Zhu, Chenguang and Leskovec, Jure},
 title = {Information Diffusion and External Influence in Networks},
 booktitle = KDD12,
 pages = {33--41}
}

@inproceedings{Duong:Wellman:Singh:unobservedlinks,
  author = {Duong Quang and Wellman Michael P. and Singh Satinder P.},
  booktitle = {SocialCom/PASSAT},
  pages = {362-369},
  title = {Modeling Information Diffusion in Networks with Unobserved Links.},
  year = 2011
}

@INPROCEEDINGS{Liam:Jonathan:Jeremy:poissonpoint,
    author = {Liam Paninski and Jonathan Pillow and Jeremy Lewi},
    title = {Statistical models for neural encoding, decoding, and optimal stimulus design},
    booktitle = {Computational Neuroscience: Progress in Brain Research},
    year = {2006}
}

@inproceedings{Abrahao:Chierichetti:Kleinberg:Panconesi:tracecomplexity,
 author = {Bruno Abrahao and Flavio Chierichetti and Robert Kleinberg and Alessandro Panconesi},
 title = {Trace Complexity of Network Inference},
 booktitle = KDD13,
 year = 2013,
 pages = {491--499},
}

@inproceedings{Jalali:Sanghavi:latent,
  author = {Jalali Ali and Sanghavi Sujay},
  booktitle = ICML12,
   year		= 2012,
  title = {Learning the Dependence Graph of Time Series with Latent Factors.}
}

@inproceedings{Scott:Ryan:pointprocess,
  author = {Linderman, Scott W. and Adams, Ryan P.},
  booktitle = ICML14,
   year		= 2014,
  title = {Discovering Latent Network Structure in Point Process Data.}
}

@inproceedings{Kurashima:Iwata:Takaya:latentvis,
 author = {Kurashima, Takeshi and Iwata, Tomoharu and Takaya, Noriko and Sawada, Hiroshi},
 title = {Probabilistic Latent Network Visualization: Inferring and Embedding Diffusion Networks},
 booktitle = KDD14,
 year = {2014},
 pages = {1236--1245}
}

@inproceedings{Embar:Pasumarthi:Rama:Bhattacharya:bayesianproperty,
 author = {Embar, Varun R. and Pasumarthi, Rama Kumar and Bhattacharya, Indrajit},
 title = {A Bayesian Framework for Estimating Properties of Network Diffusions},
 booktitle = KDD14,
 year = {2014},
 pages = {1216--1225}
}

@inproceedings{Bahadori:Liu:Xing:latent,
 author = {Mohammad Taha Bahadori and Yan Liu and Eric P. Xing },
 title = {Fast Structure Learning in Generalized Stochastic Processes with Latent Factors},
 booktitle = KDD13,
 year = {2013},
 pages = {284--292}
}

@book{Aalen:Borgan:Gjessing:survival,
author = {Aalen, O.},
author = {Borgan, O.},
author = {Gjessing, H.K.},
title= {Survival and event history analysis. A process point of view},
year = {2008},
publisher = {Springer}
}

@InProceedings{	  gomez-rodriguez:jure:schoelkopf:survival,
  author	= {Manuel Gomez-Rodriguez and Jure Leskovec and Bernhard Sch\"{o}lkopf},
  title		= {Modeling Information Propagation with Survival Theory},
  booktitle	= ICML13,
  year		= 2013
}

@InProceedings{	  nan:Yingyu:Maria-Florina:le:inflearn,
  author	= {Nan Du and Yingyu Liang and Maria-Florina Balcan and Le Song},
  title		= {Influence Function Learning in Information Diffusion Networks},
  booktitle	= ICML14,
  year		= 2014
}

@InProceedings{	  yang:zha:mutualExciting,
  author	= {Shuang-Hong Yang and Hongyuan Zha},
  title		= {Mixture of Mutually Exciting Processes for Viral Diffusion},
  booktitle	= ICML13,
  year		= 2013
}

@InProceedings{	  zhou:zha:song:mutualExciting,
  author	= {Ke Zhou and Hongyuan Zha and Le Song},
  title		= {Learning Social Infectivity in Sparse Low-rank Network Using Multi-dimensional Hawkes Processes},
  booktitle	= ICML13,
  year		= 2013
}


@InProceedings{Du:Song:Woo:Zha:topicCascade,
  title={Uncover Topic-Sensitive Information Diffusion Networks},
  author={Nan Du and Le Song and Hyenkyun Woo and Hongyuan Zha},
  booktitle= AISTATS13,
  year={2013}
}


@InProceedings{	  gomez-rodriguez:balduzzi:schoelkopf:uncovering,
  author	= {Manuel Gomez-Rodriguez and David Balduzzi and Bernhard Sch\"{o}lkopf},
  title		= {Uncovering the temporal dynamics of diffusion networks},
  booktitle	= ICML11,
  pages		= {561--568},
  year		= 2011
}

@Article{	  gomez-rodriguez:leskovec:krause:inferring,
  author	= {Manuel Gomez-Rodriguez and Jure Leskovec and Andrease Krause},
  title		= {Inferring networks of diffusion and influence},
  journal	= {ACM Transactions on Knowledge Discovery from Data},
  volume	= 5,
  number	= 4,
  year		= 2012
}

@InProceedings{    gomez-rodriguez:schoelkopf:multiple,
  author	= {Manuel Gomez-Rodriguez and Bernhard Sch\"{o}lkopf},
  title		= {Submodular inference of diffusion networks from multiple trees},
  booktitle	= ICML12,
  year		= 2012
}

@InProceedings{	   goyal:bonchi:lakshmanan:learning,
  author	= {Amit Goyal and Francesco Bonchi and Laks V. S. Lakshmanan},
  title		= {Learning influence probabilities in social networks},
  booktitle	= WSDM10,
  pages		= {241--250},
  year		= 2010
}

@PhDThesis{	  Liniger:MMHP,
  author	= {Liniger, Thomas Josef},
  title		= {Multivariate Hawkes processes},
  school	= {ETH Zurich University},
  year		= 2009
}


@ARTICLE{Veen:Schoenberg:hawkesEM,
title = {Estimation of SpaceTime Branching Process Models in Seismology Using an EMType Algorithm},
author = {Veen, Alejandro and Schoenberg, Frederic P.},
year = {2008},
journal = {Journal of the American Statistical Association},
volume = {103},
pages = {614-624}
}




@InProceedings{	  lafond:neville:tests,
  author	= {Timothy LaFond and Jennifer Neville},
  title		= {Randomization tests for distinguishing
social influence and homophily effects},
  booktitle	= WWW10,
  year		= 2010,
  pages		= {601--610},

  summary	= {Gives statistical tests for analyzing the relative importance of homophily and
social influence in producing similarity among individuals}
}

@InProceedings{    myers:leskovec:convexity,
  author	= {Seth A. Myers and Jure Leskovec},
  title		= {On the convexity of latent social network inference},
  booktitle	= NIPS10,
  pages		= {1741--1749},
  year		= 2010
}

@InProceedings{    sadikov:medina:leskovec:garcia-molina,
  author	= {Eldar Sadikov and Montserrat Medina and Jure Leskovec and Hector Garcia-Molina},
  title		= {Correcting for missing data in information cascades},
  booktitle	= WSDM11,
  pages		= {55--64},
  year		= 2011
}

@InProceedings{    saito:kimura:ohara:motoda:selecting,
  author	= {Kazumi Saito and Masahiro Kimura and Kouzou Ohara and Hiroshi Motoda},
  title		= {Selecting information diffusion models over social networks for behavioral analysis},
  booktitle	= {Proc. 2010 European Conference on Machine Learning and Knowledge Discovery in Databases: Part III, ECML/PKDD 10},
  pages		= {180--195},
  year		= 2010
}

@InProceedings{	  saito:nakano:kimura,
  author	= {Kazumi Saito and Ryohei Nakano and Masahiro Kimura},
  title		= {Prediction of Information Diffusion Probabilities for Independent Cascade model},
  booktitle	= {Proc. 12th Intl. Conf. on Knowledge-Based and Intelligent Information \& Engineering Systems},
  year		= 2008,
  pages		= {67--75}
}

@inproceedings{Li:Deng:Dong:Chang:Zha:hawkesSearch,
 author = {Li, Liangda and Deng, Hongbo and Dong, Anlei and Chang, Yi and Zha, Hongyuan},
 title = {Identifying and Labeling Search Tasks via Query-based Hawkes Processes},
 booktitle = KDD14,
 year = {2014},
 pages = {731--740},
}
