@article{Wang:Blei:nonconjugate,
 author = {Wang, Chong and Blei, David M.},
 title = {Variational Inference in Nonconjugate Models},
 journal = {J. Mach. Learn. Res.},
 volume = {14},
 number = {1},
 month = apr,
 year = {2013}
}


@inproceedings{Wallach:Murray:Salakhutdinov:Salakhutdinov:TMEva,
 author = {Wallach, Hanna M. and Murray, Iain and Salakhutdinov, Ruslan and Mimno, David},
 title = {Evaluation Methods for Topic Models},
 booktitle = ICML09,
 year = {2009},
 pages = {1105--1112}
}


@InProceedings{foulds:smyth:sciPub,
  author    = {Foulds, James  and  Smyth, Padhraic},
  title     = {Modeling Scientific Impact with Topical Influence Regression},
  booktitle = {Proceedings of the 2013 Conference on Empirical Methods in Natural Language Processing},
  year      = {2013},
  pages     = {113--123},
}


@Article{	  blei:ng:jordan,
  author	= {David Blei and Andrew Y. Ng and Michael I. Jordan},
  title		= {Latent Dirichlet Allocation},
  journal	= {J. of Machine Learning Research},
  volume	= 3,
  year		= 2003,
  pages		= {993-1022}
}

@inproceedings{Dietz:Bickel:Scheffer:citation,
 author = {Dietz, Laura and Bickel, Steffen and Scheffer, Tobias},
 title = {Unsupervised Prediction of Citation Influences},
 year = {2007},
 pages = {233--240},
 booktitle	= ICML07
}


@inproceedings{Blei:Lafferty:DTM,
 author = {Blei, David M. and Lafferty, John D.},
 title = {Dynamic Topic Models},
 booktitle	= ICML06,
 year = {2006},
 pages = {113--120},
}

@inproceedings{blei:Lafferty:ctm,
  author = {Blei, D. and Lafferty, J.},
  booktitle	= NIPS06,
  pages = {147-152},
  title = {Correlated Topic Models},
  year = 2006
}

@Article{	  ddlfh,
  author	= {Scott C. Deerwester and Susan T. Dumais and
		  Thomas K. Landauer and George W. Furnas and
		  Richard A. Harshman},
  title		= {Indexing by latent semantic analysis},
  journal	= {J. of the American Society for Information Sciences},
  volume	= 41,
  year		= 1990,
  pages		= {391--407}
}

@InProceedings{   hofmann:PLSI,
  author	= {Thomas Hofmann},
  title		= {Probabilistic Latent Semantic Indexing},
  booktitle	= SIGIR99,
  year		= 1999,
  pages		= {50--57}
}

@InProceedings{	  papadimitriou:raghavan:tamaki:vempala,
  author	= {Christos Papadimitriou and Prabhakar Raghavan and Hisao Tamaki and Santosh Vempala},
  title		= {Latent Semantic Indexing: A Probabilistic Analysis},
  booktitle	= PODS98,
  year		= 1998,
  pages		= {159--168}
}

@InProceedings{	  sarkar:moore:dynamic,
  author	= {Purnamrita Sarkar and Andrew W. Moore},
  title		= {Dynamic social network analysis using latent space models},
  booktitle	= NIPS05,
  year		= 2005
}
