@Book{		  boyd:vandenberghe:convex-optimization,
  author	= {S. Boyd and L. Vandenberghe},
  title		= {Convex Optimization},
  publisher	= {Cambridge University Press},
  year		= 2004
}
