@book{Nielsen_2011,
 author = {Michael Nielsen},
 title = {Reinventing Discovery: The New Era of Networked Science},
 publisher = {Princeton University Press},
 year = {2011}
}


@article{Cooper2010,
  author={Cooper, Seth and Khatib, Firas and Treuille, Adrien and Barbero, Janos and Lee, Jeehyung and Beenen, Michael and Leaver-Fay, Andrew
  and Baker, David and Popovic, Zoran and players, Foldit},
  title={Predicting protein structures with a multiplayer online game},
  journal={Nature},
  year=2010,
  volume={466},
  number={7307},
  pages={756-760}
}

@article{Costa_McCrae_1992,
  author={Costa, P.T. and  McCrae, R.R.},
  title={{Revised NEO Personality Inventory (NEO-PI-R) and NEO Five-Factor Inventory (NEO-FFI) manual}},
  journal={Psychological Assessment Resources},
  year=1992.
}
 

@article{Lusseau2004,
  author={David Lusseau and M E J Newman},
  title={Identifying the role that animals play in their social networks},
  journal={Proc Biol Sci.},
  year=2004,
  volume={271},
  number={Suppl 6},
  pages={S477–S481}
}


@article{Shalizi01052011,
author = {Shalizi, Cosma Rohilla and Thomas, Andrew C.}, 
title = {Homophily and Contagion Are Generically Confounded in Observational Social Network Studies}, 
volume = {40}, 
number = {2}, 
pages = {211-239}, 
year = {2011}, 
journal = {Sociological Methods \& Research} 
}


@misc{bbcnews2,
  author = {{BBC News}},
  title={What role has social media played in the Middle East revolutions?},
  howpublished = "\url{http://news.bbc.co.uk/2/hi/7783640.stm}"
}

@misc{internetstat,
   howpublished = "\url{http://www.internetworldstats.com/stats.htm}"
}


@misc{wirenews,
  author = {{WIRED}},
  title={{\#R}iot: Self-Organized, Hyper-Networked Revolts—Coming to a City Near You},
  howpublished = "\url{http://www.wired.com/magazine/2011/12/ff_riots/all/1}"
}


@misc{bbcnews,
  author = {{BBC News}},
  title={China’s internet {“}spin doctors{”}},
  howpublished = "\url{http://www.bbc.co.uk/news/world-middle-east-12573995}"
}


@misc{cnnnews,
  author = {{CNN News}},
  title={The faces of Egypt's {'}Revolution 2.0{'}},
  howpublished = "\url{http://www.cnn.com/2011/TECH/innovation/02/21/egypt.internet.revolution/index.html}"
}


@misc{bullynews,
  author = {{Collegiate Times}},
  title={Suicide rate increases in teens as an effect of bullying},
  howpublished = "\url{http://www.collegiatetimes.com/stories/15450/suicide-rate-increases-in-teens-as-an-effect-of-bullying}"
}


@misc{upinews,
  author = {{United Press International}},
  title={Terror groups recruiting with social media},
  howpublished = "\url{http://www.upi.com/Science_News/2012/01/09/Terror-groups-recruiting-with-social-media/UPI-42331326152999/?spt=hs&or=sn}"
}

@misc{fish2011,
  author = {Max Fisher and Jared Keller},
  title={Syria’s digital counter-revolutionaries. {T}he {A}tlantic},
  howpublished = "\url{http://www.theatlantic.com/international/archive/2011/08/syrias-digital-counterrevolutionaries/
244382/}"
}

%1. 2009, “Power to the people – Social Media Tracker Wave,” http://universalmccann.bitecp.com/wave4/Wave4.pdf, Universal McCann. 
%2. 2009, Nielsen Global Online Consumer Survey, http://blog.nielsen.com/nielsenwire/consumer/global-advertising-consumers- trust-real-friends-and-virtual-strangers-the-most/, 

@misc{McCann2009,
  author = {{Universal McCann}},
  title={Power to the people – Social Media Tracker Wave},
  year = 2009,
  howpublished = "\url{http://universalmccann.bitecp.com/wave4/Wave4.pdf}"
}


@misc{Nielsen2009,
  author = {{The Nielsen Company}},
  title={Nielsen Global Online Consumer Survey},
  year = 2009,
  howpublished = "\url{http://blog.nielsen.com/nielsenwire/consumer/global-advertising-consumers- trust-real-friends-and-virtual-strangers-the-most/}"
}

@misc{morozov2009,
  author = {Evgeny Morozov},
  title={Censoring cyberspace.},
  howpublished = "\url{http://www.thersa.org/fellowship/journal/archive/autumn-
2009/features/censoring-cyberspace}"
}



%%%%%%%%%%%%%%%%
@article{KatzH97,
  author={J.S. Katz and Diana Hicks},
  title={How much is a collaboration worth? A calibrated bibliometric model},
  journal={Scientometrics},
  year=1997,
  volume={40},
  number = {3},
  pages={541–554}
}

@inproceedings{Tang2009,
 author = {Tang, Jie and Sun, Jimeng and Wang, Chi and Yang, Zi},
 title = {Social influence analysis in large-scale networks},
 booktitle = {KDD},
 year = {2009}
} 

@inproceedings{Tang2010,
 author = {Liu, Lu and Tang, Jie and Han, Jiawei and Jiang, Meng and Yang, Shiqiang},
 title = {Mining topic-level influence in heterogeneous networks},
 booktitle = {CIKM},
 year = {2010}
} 

@article{Christakis2007,
  author={Nicholas A. Christakis and James H. Fowler},
  title={The spread of obesity in a large social network over 32 years},
  journal={The New England Journal of Medicine},
  year=2007,
}


@article{Albert2002,
  author={Albert, R. and  Barabasi, A.-L.},
  title={Statistical mechanics of complex networks},
  journal={Reviews of Modern Physics},
  year=2002,
  volume={74},
  pages={47--97}
}

@article{Fronczak_Holyst_Jedynak_Sienkiewicz_2002, 
	title={Higher order clustering coefficients in Barabasi-Albert networks}, 
	journal={Physica A}, 
	author={Fronczak, Agata and Holyst, Janusz A and Jedynak, Maciej and Sienkiewicz, Julian}, 
	year={2002}, 
}

@article{Barrat_Weigt_2000, 
	title={On the properties of small-world network models},
	journal={European Physical Journal B}, 
	publisher={Springer}, 
	author={Barrat, A and Weigt, M}, year={2000}, 


@article{PhysRevLett.86.2909,
  journal = {Phys. Rev. Lett.},
  issue = {13},
  author = {Kuperman, Marcelo and Abramson, Guillermo},
  title = {Small World Effect in an Epidemiological Model},
  year = {2001},
  publisher = {American Physical Society},
  pages = {2909--2912},
  volume = {86}
}



@article{Dorogovtsev2002,
  author={Dorogovtsev, S. and Mendes, J. F. F. },
  title={Evolution of networks},
  journal={Advances in Physics},
  year=2002,
}


@book{Havlin2010,
  author={Shlomo Havlin and Reuven Cohen},
  title={Complex Networks: Structure, Robustness and Function},
  publisher={Cambridge University Press},
  year=2010
}

@article{Newman2003,
  author={Newman, M. E. J.},
  title={The structure and function of complex networks},
  journal={Advances in Physics},
  year=2003,
  volume={45},
  number = {2},
  pages={167--256}
}

@article{Albert1999,
  author={Albert, R. and Jeong, H. and Barabasi, A.-L.},
  title={Diameter of the world-wide web},
  journal={Nature},
  year=1999,
  volume={401},
  pages={130--131}
}


@article{Hanneke2010,
  author={S. Hanneke and W. Fu and E. P. Xing},
  title={Discrete Temporal Models of Social Networks},
  journal={Electronic Journal of Statistics},
  year= 2010,
  volume={4},
  pages={585-605}
}

@article{Kolar10,
  author={M. Kolar and L. Song and A. Ahmed and E. P. Xing,},
  title={Estimating Time-Varying Networks},
  journal={Annals of Applied Statistics},
  year=2010,
  volume={4},
  number = {1},
  pages={94-123}
}


@article{WuchtyEtal07,
  author={Stefan Wuchty and Benjamin F. Jones and Brian Uzzi},
  title={The increasing dominance of teams in production of knowledge},
  journal={Science},
  year=2007,
  volume={316},
  number={5827},
  pages={1036–1039}
}



@article{RafolsM10,
  author={Ismael Rafols and Martin Meyer},
  title={Diversity and network coherence as indicators of interdisciplinarity: Case studies in bionanoscience},
  journal={Scientometrics},
  year=2010,
  volume={82},
  number={2},
  pages={263–287}
}

@article{Allison78,
  author={Allison, P. D.},
  title={Measures of inequality},
  journal={American Sociological Review},
  year=1978,
  volume={43},
  pages={865-880}
}


@book{Deutsch85,
  author={Deutsch, M.},
  title={Distributive justice: A social psychological perspective},
  publisher ={New Haven, CT: Yale University Press},
  year=1985
}


@article{LazearR81,
  author={Lazear, E. and Rosen, S.},
  title={Rank-order tournaments as optimum labor contracts},
  journal={Journal of Political Economy},
  year=1981,
  volume={89},
  pages={841-864}
}

@book{Lazear95,
  author={Lazear, E. P.},
  title={Personnel economics},
  publisher ={Cambridge, MA: MIT Press},
  year=1995
}


@article{Bloom99,
  author={Bloom, M},
  title={The performance effects of pay dispersion on individuals and organizations},
  journal={Academy of Management Journal},
  year=1999,
  volume={42},
  pages={25-40}
}


@article{Gomez-Mejia94,
  author={Tosi, H. L. and Gomez-Mejia, L. R},
  title={CEO compensation monitoring and firm performance},
  journal={Academy of Management Journal},
  year=1994,
  volume={37},
  pages={1002-1016}
}

@book{Homans61,
  author={Homans, G. C.},
  title={Social behavior: Its elementary forms},
  publisher ={New York: Harcourt, Brace, and World},
  year=1961
}

@article{Pfeffer88,
  author={Pfeffer, J. and Langton, N},
  title={Wage inequality and the organization of work: The case of academic departments},
  journal={Administrative Science Quarterly},
  year=1988,
  volume={33},
  pages={588-606}
}


@article{PfefferL93,
  author={Pfeffer, J. and Langton, N},
  title={The effect of wage dispersion on satisfaction, productivity, and working collaboratively: Evidence from college and university faculty},
  journal={Administrative Science Quarterly},
  year=1993,
  volume={38},
  pages={382-407}
}

@article{Hollander58,
  author={Hollander, E. P},
  title={Conformity, status, and idiosyncrasy credit},
  journal={Psychological Review},
  year=1958,
  volume={65},
  pages={117–27}
}

@article{PfefferD92,
  author={Pfeffer, J. and Davis-Blake, A},
  title={Salary dispersion: Location in the salary distribution, and turn-over among college administrators},
  journal={Industrial and Labor Relations Review},
  year=1992,
  volume={45},
  pages={753-763}
}

%%%%%%%%%%%%%%

@article{harrison1998,
  author={Harrison, D.A. and Price, K.H. and Bell, M.P. },
  title={Beyond relational demography: Time and the effects of surface- and deep-level diversity on work group cohesion},
  journal={Academy of Management Journal},
  year=1998,
  volume={41},
  pages={96-107}
}

@article{Jehn1999,
  author={Jehn, K.A. and Northcraft, G.B. and Neale, M.A.},
  title={Why differences make a difference: A field study of diversity, conflict, and performance in workgroups},
  journal={Administrative Science Quarterly},
  year=1999,
  volume={44},
  pages={741-763}
}

@article{schneider1999,
  author={Schneider, S.K. and Northcraft, G.B. },
  title={Three social dilemmas of workforce diversity in organizations: A social identity perspective},
  journal={Human Relations},
  year=1999,
  volume={52},
  pages={1445-1467}
}

@article{knippenberg2004,
  author={Van Knippenberg, D. and De Dreu, C. and Homan, A.C. },
  title={Work group diversity and group performance: An integrative model and research agenda},
  journal={Journal of Applied Psychology},
  year=2004,
  volume={89},
  pages={1008-1022}
}

@article{west2004,
  author={West, M.A. and Hirst, G., Richter, A. and Shipton, H.},
  title={Twelve steps to heaven: Successfully managing change through developing innovative teams},
  journal={European Journal of Work and Organizational Psychology},
  year=2004,
  volume={13},
  pages={269-299}
}

@article{jackson2004,
  author={Jackson, S.E. and Joshi, A.},
  title={Diversity in social context: A multi-attribute, multilevel analysis of team diversity and sales performance},
  journal={Journal of Organizational Behavior},
  year=2004,
  volume={25},
  pages={675-702}
}

@article{milliken1996,
  author={Milliken, F. and Martins, L.},
  title={Searching for common threads: Understanding the multiple effects of of diversity in organizational groups},
  journal={Academy of Management Review},
  year=1996,
  volume={21},
  pages={402-433}
}

@article{williams1998,
  author={Williams, K.Y. and O'Reilly, C.A., III.},
  title={Demography and diversity in organizations: A review of 40 years of research},
  journal={Research in Organizational Behavior},
  year=1998,
  volume={20},
  pages={77-140}
}


@article{oReilly1998,
  author={O’Reilly, C.A. III and  Williams, K.Y. and  Barsade, W.},
  title={Group demography and innovation: Does diversity help?},
  journal={Research on Managing Groups and Teams},
  year=1998,
  volume={1},
  pages={183-207}
}

@article{ancona1992,
  author={Ancona, D.G. and Caldwell, D.F.},
  title={Demography and design: Predictors of new product team performance},
  journal={Organization Science},
  year=1992,
  volume={3},
  pages={321-341}
}


@article{cohen1990,
  author={Cohen, W.M. and Levinthal, D.A.},
  title={Absorptive capacity: A new perspective on learning and innovation},
  journal={Administrative Science Quarterly},
  year=1990,
  volume={35},
  pages={128-152}
}


@article {MNR:MNR13689,
author = {Lintott, Chris J. and Schawinski, Kevin and Slosar, Anze and Land, Kate and Bamford, Steven and Thomas, Daniel and Raddick, M. Jordan and Nichol, Robert C. and Szalay, Alex and Andreescu, Dan and Murray, Phil and Vandenberg, Jan},
title = {Galaxy Zoo: morphologies derived from visual inspection of galaxies from the Sloan Digital Sky Survey},
journal = {Monthly Notices of the Royal Astronomical Society},
volume = {389},
number = {3},
publisher = {Blackwell Publishing Ltd},
pages = {1179--1189},
year = {2008}
}


@article {travers69,
author = {J.~Travers and Milgram},
title = {An experimental study of the small world problem.},
journal = {Sociometry},
volume = {32},
number = {4},
pages = {425--443},
year = {1969}
}


@article {AlbertBarabasi02,
author = {R.~Albert and A.-L. Barab\'asi},
title = {Statistical mechanics of complex networks},
journal = {Reviews of Modern Physics},
volume = {74},
number = {1},
pages = {47--97},
year = {2002}
}

@article {jk:smallworld,
author = {Jon Kleinberg},
title = {SThe {S}mall-{W}orld {P}henomenon: {A}n {A}lgorithmic {P}erspective.},
journal = {Proceedings of the 32nd ACM Symposium on Theory of
  Computing},
year = {2000}
}

@article {halverson,
author = {C.~Halverson and J.~Newswanger and T.~Erickson and T.~Wolf and W.~A. Kellogg and M.~Laff, and
  P.~Malkin},
title = {World jam: Supporting talk among 50,000+.},
journal = {Proceedings of the European Conference on Computer-Supported
  Cooperative Work (ECSCW)},
year = {2001}
}

@inproceedings{Adar2005,
  author    = {Adar, E. and Adamic, L.A.},
  title     = {Tracking Information Epidemics in Blogspace},
  booktitle = {Web Intelligence},
  year      = {2005},
  pages     = {207-214}
}


@inproceedings{Rodriguez2010,
  author    = {Gomez-Rodriguez, M. and Leskovec, J. and Krause, A.},
  title     = {Inferring Networks of Diffusion and Influence},
  booktitle = {KDD},
  year      = {2010}
}

@inproceedings{Gruh2004,
  author    = {Gruhl, D. and Guha, R. and Liben-Nowell, D. and Tomkins, A.},
  title     = {Information Diffusion Through Blogspace},
  booktitle = {WWW},
  year      = {2004},
}

@inproceedings{kempe2003,
  author    = {Kempe, D. and Kleinberg, J.M. and Tardos},
  title     = {Maximizing the spread of influence through a social network},
  booktitle = {KDD},
  year      = {2003},
}

@inproceedings{lawrence99,
  author    = {Page, Lawrence and Brin, Sergey and Motwani, Rajeev and Winograd, Terry},
  title     = {The PageRank citation ranking: Bringing order to the Web},
  booktitle = {Stanford InfoLab},
  year      = {1999}
}

@article{Sabidussi1966,
  author={Sabidussi, G.},
  title={The centrality index of a graph},
  journal={Psychometrika},
  year=1966,
}


@article{Freeman1977,
  author={Freeman, Linton},
  title={A set of measures of centrality based upon betweenness},
  journal={Sociometry},
  year=1977,
}

@article{Stephenson1989,
  author={Stephenson, K. A. and Zelen, M.},
  title={Rethinking centrality: Methods and examples},
  journal={Social Networks},
  year=1989,
  volume={11},
  pages={1-37}
}


@article{Spielberger1982,
  author={Spielberger, CD and Jacobs, GA.},
  title={Personality and smoking behavior},
  journal={J Pers Assess.},
  year=1982,
  volume={46},
  number={4},
  pages={396-403}
}

@article {JTSB:JTSB1,
author = {Argyle, MICHAEL and Little, BRIAN R.},
title = {Do Personality Traits Apply to Social Behavior?},
journal = {Journal for the Theory of Social Behavior},
volume = {2},
number = {1},
publisher = {Blackwell Publishing Ltd},
pages = {1--33},
year = {1972},
}



@article {Carver1982,
author = {Carver, C. S. and Scheier, M. F.},
title = {Control theory: A useful conceptual framework for personality–social, clinical, and health psychology.},
journal = {Psychological Bulletin},
volume = {92},
number = {1},
pages = {111--135},
year = {1982},
}

@article {Pentland1999,
author = {Pentland, Alex and Liu, Andrew},
title = {Modeling and Prediction of Human Behavior},
journal = {Neural Computation},
volume = {11},
number = {1},
pages = {229--242},
year = {1999},
}

@article{Cho200345,
title = "Efficient anomaly detection by modeling privilege flows using hidden Markov model",
journal = "Computers \& Security",
volume = "22",
number = "1",
pages = "45 -- 55",
year = "2003",
author = "Sung-Bae Cho and Hyuk-Jang Park",
}

@inproceedings{Lester2005,
 author = {Lester, Jonathan and Choudhury, Tanzeem and Kern, Nicky and Borriello, Gaetano and Hannaford, Blake},
 title = {A hybrid discriminative/generative approach for modeling human activities},
 booktitle = {Proceedings of the 19th international joint conference on Artificial intelligence},
 series = {IJCAI'05},
 year = {2005},
 pages = {766--772}
 } 



@article{Schriesheim1990,
title = "Influence tactics used by subordinates: A theoretical and empirical analysis and refinement of the Kipnis, Schmidt, and Wilkinson subscales",
journal = "Journal of Applied Psychology",
volume = "75",
number = "3",
pages = "246--257",
year = "1990",
author = "Schriesheim, Chester A. and Hinkin, Timothy R.",
}



@article{Yukl1990,
title = "Influence tactics and objectives in upward, downward, and lateral influence attempts",
journal = "Journal of Applied Psychology",
volume = "75",
number = "2",
pages = "132--140",
year = "1990",
author = "Yukl, Gary and Falbe, Cecilia M.",
}



@article{Bonebrake2002,
title = "College students' Internet use, relationship formation, and personality correlates",
journal = "Cyberpsychol Behav. ",
volume = "5",
number = "6",
pages = "551-557",
year = "2002",
author = "Bonebrake, K.",
}


@article{Harbaugh2010,
title = "The Effect of Personality Styles (Level of Introversion- Extroversion) on Social Media Use",
journal = "The Elon Journal of Undergraduate Research in Communications",
volume = "1",
number = "2",
pages = "70--86",
year = "2010",
author = "Erin Ryan Harbaugh",
}


@inproceedings{Quercia2012,
 author = {Daniele Quercia and Renaud Lambiotte and  David Stillwell and Michal Kosinski and Jon Crowcroft},
 title = {The Personality of Popular Facebook Users},
 booktitle = {Proceedings of CSCW'2012},
 year = {2012}
 } 
 



@article{Kobasa1981,
title = "Personality and Constitution as Mediators in the Stress-Illness Relationship",
journal = "Journal of Health and Social Behavior",
volume = "22",
number = "4",
pages = "368--378",
year = "1981",
author = "Suzanne C. Kobasa and Salvatore R. Maddi and Sheila Courington",
}


@article{Neyer2001,
title = "Personality–relationship transaction in young adulthood",
journal = "Journal of Personality and Social Psychology",
volume = "81",
number = "6",
pages = "1190-1204",
year = "2001",
author = "Neyer, Franz J. and Asendorpf, Jens B.",
}

@article{PhysRevLett.86.2909,
  title = {Small World Effect in an Epidemiological Model},
  author = {Kuperman, Marcelo and Abramson, Guillermo},
  journal = {Phys. Rev. Lett.},
  year = {2001},
}