@Book{chen:lakshmanan:castillo:influence-maximization-book,
  author	= {Wei Chen and Laks V.S. Lakshmanan and Carlos Castillo},
  title		= {Information and Influence Propagation in Social Networks},
  series	= {Synthesis Lectures on Data Management},
  year		= 2013,
  publisher	= {Morgan \& Claypool}
}


@InProceedings{borgs:brautbar:chayes:lucier:nearly-optimal,
  author	= {Christian Borgs and Michael Brautbar and Jennifer T. Chayes and Brendan Lucier},
  title		= {Maximizing Social Influence in Nearly Optimal Time},
  booktitle	= SODA14,
  year		= 2014,
  pages		= {946--957}
}

@InProceedings{khanna:lucier:influence-maximization,
  author	= {Sanjeev Khanna and Brendan Lucier},
  title		= {Influence Maximization in Undirected Networks},
  booktitle	= SODA14,
  year		= 2014,
  pages		= {1482--1496}
}

@InProceedings{	  GoyalKearnsCompetitive,
  author	= {Xinran He and David Kempe},
  title		= {Price of Anarchy for the $N$-player Competitive Cascade Game with Submodular Activation Functions},
  booktitle	= WINE13,
  note		= {to appear},
  year		= 2013
}

@InProceedings{	  InfluenceSpread,
  author	= {David Kempe and Jon Kleinberg and Eva Tardos},
  title		= {Maximizing the Spread of Influence in a Social Network},
  booktitle	= kdd03,
  pages		= {137--146},
  year		= 2003,
  impact	= {1.68},
  acceptance	= {13.2\%}
}

@InProceedings{	  InfluenceSpreadICALP,
  author	= {David Kempe and Jon Kleinberg and Eva Tardos},
  title		= {Influential Nodes in a Diffusion Model for Social Networks},
  booktitle	= icalp05,
  year		= 2005,
  pages		= {1127--1138},
  impact	= {0.97},
  acceptance	= {27.8\%}
}

@article{Goyal:Bonchi:Lakshmanan:dataInfMax,
 author = {Goyal, Amit and Bonchi, Francesco and Lakshmanan, Laks V. S.},
 title = {A Data-based Approach to Social Influence Maximization},
 journal = {Proc. VLDB Endow.},
 volume = {5},
 number = {1},
 month = sep,
 year = {2011},
 pages = {73--84}
}

@inproceedings{adiga:kuhlman:sensitivity,
  author    = {Abhijin Adiga and
               Chris J. Kuhlman and
               Henning S. Mortveit and
               Anil Kumar S. Vullikanti},
  title     = {Sensitivity of Diffusion Dynamics to Network Uncertainty},
  booktitle = AAAI13,
  year      = {2013},
}


@article{	  alon:feldman:procaccia:tennenholtz,
  author	= {Noga Alon and Michal Feldman and Ariel D. Procaccia and Moshe Tennenholtz},
  title		= {A Note on Competitive Diffusion Through Social Networks},
  journal	= {Information Processing Letters},
  volume	= 110,
  year		= 2010,
  pages		= {221--225}
}

@InProceedings{	  arthur:motwani:sharma:xu,
  author	= {David Arthur and Rajeev Motwani and Aneesh Sharma and Ying Xu},
  title		= {Pricing Strategies for Viral Marketing on Social Networks},
  booktitle	= WINE09,
  pages		= {101--112},
  year		= 2009
}

@UnPublished{	  borgs:brautbar:chayes:lucier,
  author	= {Christian Borgs and Michael Brautbar and Jennifer Chayes and Brendan Lucier},
  title		= {Influence Maximization in Social Networks: Towards an Optimal Algorithmic Solution},
  year		= 2012,
  note		= {arXiv 1212.0884}
}


@InProceedings{	  borodin:filmus:oren,
  author	= {Allan Borodin and Yuval Filmus and Joel Oren},
  title		= {Threshold Models for Competitive Influence in Social Networks},
  booktitle     = WINE10,
  year		= 2010,
  pages		= {539--550}
}


@InProceedings{	  budak:agrawal:elabbadi,
  author	= {Ceren Budak and Divyakant Agrawal and Amr El Abbadi},
  title		= {Limiting the spread of misinformation in social networks},
  booktitle	= WWW11,
  year		= 2011,
  pages		= {665--674}
}

@InProceedings{	  carnes:nagarajan:wild:vanzuylen,
  author        = {Tim Carnes and Chandrashekar Nagarajan and Stefan M. Wild and Anke {van Zuylen}},
  title		= {Maximizing Influence in a Competitive Social Network: A Follower's Perspective},
  booktitle	= {Proc. Intl. Conf. on Electronic Commerce (ICEC)},
  year		= 2007
}

@Article{	  chen:influence-approximability,
  author	= {Ning Chen},
  title		= {On the Approximability of Influence in Social Networks},
  journal	= SIAMJDM,
  volume	= 23,
  number	= 3,
  pages		= {1400--1415},
  year		= 2009
}

@Article{	  chen:wang:wang:prevalent,
  author	= {Chi Wang and Wei Chen and Yajun Wang},
  title		= {Scalable influence maximization for independent cascade model in large-scale social networks},
  journal	= {Data Mining and Knowledge Discovery Journal},
  volume	= 25,
  number	= 3,
  year		= 2012,
  pages		= {545--576}
}

@InProceedings{	  CCCKLRSWWY,
  author	= {Wei Chen and Alex Collins and Rachel Cummings and Te Ke and Zhenming Liu and David Rincon and Xiaorui Sun and Yajun Wang and Wei Wei and Yifei Yuan},
  title		= {Influence maximization in social networks when negative opinions may emerge and propagate},
  booktitle	= SDM11,
  year		= 2011,
  pages		= {379--390}
}

@inproceedings{   chen:wang:yang:efficient,
  author	= {Wei Chen and Yajun Wang and Siyu Yang},
  title		= {Efficient influence maximization in social networks},
  booktitle	= KDD09,
  year		= 2009,
  pages		= {199--208}
}

@InProceedings{	  chen:yuan:zhang:scalable,
  author	= {Wei Chen and Yifei Yuan and Li Zhang},
  title		= {Scalable Influence Maximization in Social Networks under the Linear Threshold Model},
  booktitle	= ICDM10,
  year		= 2010,
  pages		= {88--97}
}

@InProceedings{	  domingos:richardson,
  author	= {Pedro Domingos and Matthew Richardson},
  title		= {Mining the Network Value of Customers},
  booktitle	= KDD01,
  pages		= {57--66},
  year		= 2001
}

@InProceedings{   goyal:lu:lakshmanan:simpath,
  author	= {Amit Goyal and Wei Lu and Laks V. S. Lakshmanan},
  title		= {{SIMPATH}: An Efficient Algorithm for Influence Maximization
               under the Linear Threshold Model},
  booktitle	= ICDM11,
  year		= 2011,
  pages		= {211--220}
}

@InProceedings{	  goyal:lu:lakshmanan:celf,
  author	= {Amit Goyal and Wei Lu and Laks V. S. Lakshmanan},
  title		= {{CELF++}: Optimizing the Greedy Algorithm for Influence Maximization in Social Networks},
  booktitle	= WWW11,
  year		= 2011,
  pages		= {47--48}
}

@InProceedings{	  goyal:kearns:competitive,
  author	= {Sanjeev Goyal and Michael Kearns},
  title		= {Competitive contagion in networks},
  booktitle	= STOC12,
  year		= 2012,
  pages		= {759--774},
}

@Article{	  granovetter:threshold-models,
  author	= {Mark Granovetter},
  title		= {Threshold Models of Collective Behavior},
  journal	= AJS,
  volume	= 83,
  pages		= {1420--1443},
  year		= 1978
}

@InProceedings{   gruhl:guha:liben-nowell:tomkins,
  author	= {D. Gruhl and R. Guha and D. Liben-Nowell and Andrew Tomkins},
  title		= {Information Diffusion Through Blogspace},
  booktitle	= www04,
  pages		= {491--501},
  year		= 2004
}

@inproceedings{   he:song:chen:jiang,
  author	= {Xinran He and Guojie Song and Wei Chen and Qingye Jiang},
  title		= {Influence blocking maximization in social networks under the competitive linear threshold model},
  booktitle	= SDM12,
  year		= 2012
}

@InProceedings{	  JSCWSX,
  author	= {Qingye Jiang and Guojie Song and Gao Cong and Yu Wang and Wenjun Si and Kunqing Xie},
  title		= {Simulated Annealing Based Influence Maximization in Social Networks},
  booktitle	= AAAI11,
  year		= 2011
}

@InProceedings{	  jung:heo:chen:irie,
  author	= {Kyomin Jung and Wooram Heo and Wei Chen},
  title		= {{IRIE}: Scalable and robust influence maximization in social networks},
  booktitle	= ICDM12,
  year		= 2012,
}

@InProceedings{	  kimura:saito:tractable,
  author	= {Masahiro Kimura and Kazumi Saito},
  title		= {Tractable models for information diffusion in social networks},
 booktitle	= {Proc. 10th European Conf. on Principle and Practice of Knowledge Discovery in Databases},
 year		= 2006,
 pages		= {259--271},
}

@InProceedings{	  LKGFVG,
  author	= {Jure Leskovec and Andreas Krause and Carlos Guestrin and Christos Faloutsos and Jeanne VanBriesen and Natalie S. Glance},
  title		= {Cost-effective Outbreak Detection in Networks},
  booktitle	= KDD07,
  year		= 2007,
  pages		= {420--429}
}

@Article{	  mossel:roch:submodular,
  author	= {Elchanan Mossel and Sebastien Roch},
  title		= {Submodularity of Influence in Social Networks: From Local to Global},
  journal	= SICOMP,
  volume	= 39,
  number	= 6,
  pages		= {2176--2188},
  year		= 2010
}

@InProceedings{	  richardson:domingos,
  author	= {Matthew Richardson and Pedro Domingos},
  title		= {Mining Knowledge-Sharing Sites for Viral Marketing},
  booktitle	= KDD02,
  pages		= {61--70},
  year		= 2002
}

@inproceedings{   tsai:nguyen:tambe,
  author	= {Jason Tsai and Thanh H. Nguyen and Milind Tambe},
  title		= {Security Games for Controlling Contagion},
  booktitle     = AAAI12,
  year		= 2012
}

@InProceedings{	  wang:cong:song:xie,
  author	= {Yu Wang and Gao Cong and Guojie Song and Kunqing Xie},
  title		= {Community-based greedy algorithm for mining top-$K$ influential nodes in mobile social networks},
  booktitle	= KDD10,
  year		= 2010,
  pages		= {1039--1048}
}
