@InProceedings{Buchbinder:Feldman:Naor:Schwartz,
  author	= {Niv Buchbinder and Moran Feldman and Joseph (Seffi) Naor and Roy Schwartz},
  title		= {Submodular Maximization with Cardinality Constraints},
  booktitle	= SODA14,
  year		= 2014,
  pages		= {1433--1452}
}


@inproceedings{Moran:Joseph:Roy,
 author = {Moran Feldman and Joseph (Seffi) Naor and Roy Schwartz},
 title = {A Unified Continuous Greedy Algorithm for Submodular Maximization},
 booktitle = FOCS11,
 year = {2011},
 pages = {570--579}
}

@inproceedings{Gharan:Vondrak:annealing,
 author = {Shayan Oveis Gharan and Jan Vondr\'{a}k},
 title = {Submodular Maximization by Simulated Annealing},
 booktitle = SODA11,
 year = {2011},
 pages = {1098--1116}
}

@Article{	  calinescu:chekuri:pal:vondrak,
  author	= {Gruia Calinescu and Chandra Chekuri and Martin P\'{a}l and Jan Vondr\'{a}k},
  title		= {Maximizing a submodular set function subject to a matroid constraint},
  journal	= SIAMJC,
  note		= {To appear},
}

@InProceedings{	  feige:mirrokni:vondrak:non-monotone,
  author	= {Uriel Feige and Vahab S. Mirrokni and Jan Vondr\'{a}k},
  title		= {Maximizing Non-Monotone Submodular Functions},
  booktitle	= FOCS07,
  year		= 2007,
  pages		= {461--471}
}

@Article{	  iwata:fleischer:fujishige,
  author	= {Satoru Iwata and Lisa Fleischer and Satoru Fujishige},
  title		= {A combinatorial strongly polynomial algorithm for minimizing submodular functions},
  journal	= JACM,
  volume	= 48,
  number	= 4,
  pages		= {761--777},
  year		= 2001
}

@InCollection{	   krause:golovin:maximization,
  author	= {Andreas Krause and Daniel Golovin},
  title		= {Submodular Function Maximization},
  booktitle	= {Tractability: Practical Approaches to Hard Problems},
  editor	= {Lucas Bordeaux and Youssef Hamadi and Pushmeet Kohli},
  publisher	= {Cambridge University Press},
  year		= 2012,
  note		= {to appear}
}

@InProceedings{	  lee:mirrokni:nagarajan:sviridenko,
  author	= {Jon Lee and Vahab S. Mirrokni and Viswanath Nagarajan and Maxim Sviridenko},
  title		= {Non-monotone submodular maximization under matroid and knapsack constraints},
  booktitle	= STOC09,
  year		= 2009,
  pages		= {323--332}
}

@InProceedings{	  lee:sviridenko:vondrak:multiple-matroids,
  author	= {Jon Lee and  Maxim Sviridenko and Jan Vondr\'{a}k},
  title		= {Submodular maximization over multiple matroids via generalized exchange properties},
  booktitle	= APPROX09,
  year		= 2009
}

@Article{	  nemhauser:wolsey:fisher,
  author	= {George L. Nemhauser and Laurence A. Wolsey and Marshall L. Fisher},
  title		= {An analysis of the approximations for maximizing
		  submodular set functions},
  journal	= {Mathematical Programming},
  volume	= 14,
  year		= 1978,
  pages		= {265--294}
}

@inproceedings{Balcan:Harvey:submodular,
 author = {Balcan, Maria-Florina and Harvey, Nicholas J.A.},
 title = {Learning Submodular Functions},
 booktitle = STOC11,
 year = {2011},
 pages = {793--802}
}

@Article{	  sviridenko:submodular,
  author	= {Maxim Sviridenko},
  title		= {A note on maximizing a submodular set function subject to a knapsack constraint},
  journal	= {Oper. Res. Lett.},
  volume	= 32,
  number	= 1,
  pages		= {41--43},
  year		= 2004
}

@InProceedings{	  vondrak:approximability,
  author	= {Jan Vondr\'{a}k},
  title		= {Symmetry and approximability of submodular maximization problems},
  booktitle	= FOCS09,
  year		= 2009,
  pages		= {651--670}
}
